
@String{ICSE = "International Conference on Software Engineering"}
@String{ICFP = "International Conference on Functional Programming"}
@String{JFP  = "Journal of Functional Programming"}
@String{ISMM = "International Symposium on Memory Management"}
@String{LNCS = "Lecture Notes in Computer Science"}
@String{ECOOP = "The European Conference on Object-Oriented Programming"}
@String{OOPSLA = "Object-oriented Programming, Systems, Languages, and Applications"}
@String{PLDI = "Programming Language Design and Implementation"}
@String{SIGPLAN-NOTICES = "ACM SIGPLAN Notices"}
@String{USENIX = "USENIX Proceedings"}
@String{ComputationalComplexity = "Computational Complexity"}
@String{OOS = "Object-oriented Systems"}
@String{TOPLAS = "ACM Transactions on Programming Languages and Systems"}
@String{POPL = "Symposium on Principles of Programming Languages"}
@String{TOPADS = "IEEE Transactions on Parallel and Distributed Systems"}
@String{SAS = "International Static Analysis Symposium"}
@String{SPRINGER = "Springer-Verlag"}
@String{CACM = "Communications of the ACM"}
@String{ASPLOS = "Architectural Support for Programming Languages and Operating Systems"}
@String{ICPC = "International Conference on Program Comprehension"}
@String{ICSM = "International Conference on Software Maintenance"}
@String{PASTE = "SIGPLAN/SIGSOFT Workshop on Program Analysis For Software Tools and Engineering"}
@String{WODA = "International Workshop on Dynamic Analysis"}
@String{OSDI = "Operating System Design and Implementation"}
@String{FSE = "Foundations of Software Engineering"}
@String{WWW = "World Wide Web"}
@String{AOSD = "Aspect-oriented software development"}


@InProceedings{headers,
  author = 	 {David F. Bacon and Stephen J. Fink and David Grove},
  title = 	 {Space- and time-efficient implementation of the Java object model},
  OPTcrossref =  {},
  OPTkey = 	 {},
  booktitle = ECOOP,
  OPTpages = 	 {},
  year = 	 {2002},
  OPTeditor = 	 {},
  OPTvolume = 	 {},
  OPTnumber = 	 {},
  OPTseries = 	 {},
  OPTaddress = 	 {},
  OPTmonth = 	 {},
  OPTorganization = {},
  OPTpublisher = {},
  OPTnote = 	 {},
  OPTannote = 	 {}
}


@InProceedings{noble,
  author = 	 {David J. Pearce and James Noble},
  title = 	 {Relationship aspects},
  OPTcrossref =  {},
  OPTkey = 	 {},
  booktitle = AOSD,
  OPTpages = 	 {75 - 86},
  year = 	 {2006},
  OPTeditor = 	 {},
  OPTvolume = 	 {},
  OPTnumber = 	 {},
  OPTseries = 	 {},
  OPTaddress = 	 {},
  OPTmonth = 	 {},
  OPTorganization = {},
  OPTpublisher = {},
  OPTnote = 	 {},
  OPTannote = 	 {}
}

@InProceedings{DaCapo:paper,
  title={The {DaCapo} Benchmarks: {J}ava Benchmarking Development and Analysis},
  author={Blackburn, S. M. and others},
  booktitle = OOPSLA,
  OPTmonth = oct,
  year = {2006},
  OPTpages = {169--190},
  OPTlocation = {Portland, OR, USA},
  OPTdoi = {http://doi.acm.org/10.1145/1167473.1167488},
  OPTpublisher = {ACM Press},
  OPTaddress = {New York, NY, USA},
}

@InProceedings{dilig,
  author = 	 {Isil Dillig and Thomas Dillig and Eran Yahav and Satish Chandra},
  title = 	 {The {CLOSER}: Automating Resource Management in {Java}},
  OPTcrossref =  {},
  OPTkey = 	 {},
  booktitle = ISMM,
  OPTpages = 	 {},
  year = 	 {2008},
  OPTeditor = 	 {},
  OPTvolume = 	 {},
  OPTnumber = 	 {},
  OPTseries = 	 {},
  OPTaddress = 	 {},
  OPTmonth = 	 {},
  OPTorganization = {},
  OPTpublisher = {},
  OPTnote = 	 {},
  OPTannote = 	 {}
}

@InProceedings{Mitchell-Sevitsky:ICSE-2008,
  author = 	 {Nick Mitchell and Gary Sevitsky},
  title = 	 {Building Memory-efficient Java Applications},
  OPTcrossref =  {},
  OPTkey = 	 {},
  booktitle = ICSE,
  OPTpages = 	 {},
  year = 	 {2008},
  OPTeditor = 	 {},
  OPTvolume = 	 {},
  OPTnumber = 	 {},
  OPTseries = 	 {},
  OPTaddress = 	 {},
  OPTmonth = 	 {},
  OPTorganization = {},
  OPTpublisher = {},
  OPTnote = 	 {},
  OPTannote = 	 {}
}

@InProceedings{Jolt:OOPSLA-2008,
  author = 	 {Ajeet Shankar and Matthew Arnold and Rastislav Bodik},
  title = 	 {{JOLT}: Lightweight Dynamic Analysis and Removal of Object Churn},
  OPTcrossref =  {},
  OPTkey = 	 {},
  booktitle = OOPSLA,
  OPTpages = 	 {},
  year = 	 {2008},
  OPTeditor = 	 {},
  OPTvolume = 	 {},
  OPTnumber = 	 {},
  OPTseries = 	 {},
  OPTaddress = 	 {},
  OPTmonth = 	 {},
  OPTorganization = {},
  OPTpublisher = {},
  OPTnote = 	 {},
  OPTannote = 	 {}
}

@InProceedings{XJ,
  author = 	 {Matthew Harren and others},
  OPTauthor = 	 {Matthew Harren and Mukund Raghavachari and Oded
                  Shmueli and Michael G. Burke and Rajesh Bordawekar
                  and Igor Pechtchanski and Vivek Sarkar},
  title = 	 {{XJ}: Facilitating {XML} Processing in {Java}},
  OPTcrossref =  {},
  OPTkey = 	 {},
  booktitle = WWW,
  OPTpages = 	 {},
  year = 	 {2005},
  OPTeditor = 	 {},
  OPTvolume = 	 {},
  OPTnumber = 	 {},
  OPTseries = 	 {},
  OPTaddress = 	 {},
  OPTmonth = 	 may,
  OPTorganization = {},
  OPTpublisher = {},
  OPTnote = 	 {},
  OPTannote = 	 {}
}

@InProceedings{reflection-specialization,
  author = 	 {Mathias Braux and Jacques Noy\'e},
  title = 	 {Towards partially evaluating reflection in {Java}},
  OPTcrossref =  {},
  OPTkey = 	 {},
  booktitle = {Workshop on Partial Evaluation and Semantics-based Program Manipulation},
  OPTpages = 	 {2--11},
  year = 	 {2000},
  OPTeditor = 	 {},
  OPTvolume = 	 {},
  OPTnumber = 	 {},
  OPTseries = 	 {},
  OPTaddress = 	 {},
  OPTmonth = 	 {},
  OPTorganization = {},
  OPTpublisher = {},
  OPTnote = 	 {},
  OPTannote = 	 {}
}

@InProceedings{FSE,
  author = 	 {Bruno Dufour and Barbara Ryder and Gary Sevitsky},
  title = 	 {A Scalable Technique for Characterizing the Usage of
                  Temporaries in Framework-intensive {Java}
                  Applications},
  OPTcrossref =  {},
  OPTkey = 	 {},
  booktitle = FSE,
  OPTpages = 	 {},
  year = 	 {2008},
  OPTeditor = 	 {},
  OPTvolume = 	 {},
  OPTnumber = 	 {},
  OPTseries = 	 {},
  OPTaddress = 	 {},
  OPTmonth = 	 {},
  OPTorganization = {},
  OPTpublisher = {},
  OPTnote = 	 {},
  OPTannote = 	 {}
}

@InProceedings{Jungloids,
  author = 	 {David Mandelin and Lin Xu and Rastislav Bodik and Doug Kimelman},
  title = 	 {Jungloid Mining: Helping to navigate the {API} jungle},
  OPTcrossref =  {},
  OPTkey = 	 {},
  booktitle = PLDI,
  OPTpages = 	 {48--61},
  year = 	 {2005},
  OPTeditor = 	 {},
  OPTvolume = 	 {40},
  OPTnumber = 	 {6},
  OPTseries = 	 {},
  OPTaddress = 	 {},
  OPTmonth = 	 {},
  OPTorganization = {},
  OPTpublisher = {},
  OPTnote = 	 {},
  OPTannote = 	 {}
}

@InProceedings{OpenImplementation,
  author = 	 {Gregor Kiczales and others},
  OPTauthor = 	 {Gregor Kiczales and John Lamping and Christina
                  Videira Lopes and Chris Maeda and Anurag Mendhekar
                  and Gail Murphy},
  title = 	 {Open Implementation Design Guidelines},
  OPTcrossref =  {},
  OPTkey = 	 {},
  booktitle = ICSE,
  OPTpages = 	 {481--490},
  year = 	 {1997},
  OPTeditor = 	 {},
  OPTvolume = 	 {},
  OPTnumber = 	 {},
  OPTseries = 	 {},
  OPTaddress = 	 {},
  OPTmonth = 	 may,
  OPTorganization = {},
  OPTpublisher = {},
  OPTnote = 	 {},
  OPTannote = 	 {}
}

@InProceedings{clones:ICSE2008,
  author = 	 {Mark Gabel and Lingxiao Jiang and Zhendong Su},
  title = 	 {Scalable Detection of Semantic Clones},
  OPTcrossref =  {},
  OPTkey = 	 {},
  booktitle = ICSE,
  OPTpages = 	 {321--330},
  year = 	 {2008},
  OPTeditor = 	 {},
  OPTvolume = 	 {},
  OPTnumber = 	 {},
  OPTseries = 	 {},
  OPTaddress = 	 {},
  OPTmonth = 	 may,
  OPTorganization = {},
  OPTpublisher = {},
  OPTnote = 	 {},
  OPTannote = 	 {}
}

@InProceedings{clones:ICSE2007,
  author = 	 {Ewka Duala-Ekoko and Martin P. Robillard},
  title = 	 {Tracking Code Clones in Evolving Software},
  OPTcrossref =  {},
  OPTkey = 	 {},
  booktitle = ICSE,
  OPTpages = 	 {158--167},
  year = 	 {2007},
  OPTeditor = 	 {},
  OPTvolume = 	 {},
  OPTnumber = 	 {},
  OPTseries = 	 {},
  OPTaddress = 	 {},
  OPTmonth = 	 may,
  OPTorganization = {},
  OPTpublisher = {},
  OPTnote = 	 {},
  OPTannote = 	 {}
}

@Unpublished{Xerces,
  author = 	 {{Apache XML Project}},
  title = 	 {Xerces {Java} Parser},
  note = 	 {\url{http://xerces.apache.org/xerces-j}},
  key = 	 {Apache},
  OPTmonth = 	 {},
  year = 	 {1999},
  OPTannote = 	 {}
}

@Book{XML,
  author = 	 {Hiroshi Maruyama and Kent Tamura and Naohiko Uramoto
                  and Makoto Murata and Andy Clark and Yuichi Nakamura
                  and Ryo Neyama and Kazuya Kosaka and Satoshi Hada},
  ALTeditor = 	 {},
  title = 	 {{XML} and {Java}: Developing Web Applications},
  publisher = 	 {Addison-Wesley},
  year = 	 {2002},
  OPTkey = 	 {},
  OPTvolume = 	 {},
  OPTnumber = 	 {},
  OPTseries = 	 {},
  OPTaddress = 	 {},
  OPTedition = 	 {},
  OPTmonth = 	 {},
  OPTnote = 	 {},
  OPTannote = 	 {}
}

@Book{JavaSpec,
author = 	 {James Gosling and Bill Joy and Guy Steele and Gilad Bracha},
  ALTeditor = 	 {},
  title = 	 {Java(TM) Language Specification, 3rd Edition},
  publisher = 	 {Addison-Wesley},
  year = 	 {2005},
  OPTkey = 	 {},
  OPTvolume = 	 {},
  OPTnumber = 	 {},
  OPTseries = 	 {},
  OPTaddress = 	 {},
  OPTedition = 	 {3rd},
  OPTmonth = 	 {},
  OPTnote = 	 {},
  OPTannote = 	 {}
}


@InProceedings{InheritanceToDelegation-ICSE2008,
  author = 	 {Hannes Kegel and Friedrich Steimann},
  title = 	 {Systematically Refactoring Inheritance to Delegation
                  in a Class-Based Object-Oriented Programming
                  Language},
  OPTcrossref =  {},
  OPTkey = 	 {},
  booktitle = ICSE,
  OPTpages = 	 {},
  year = 	 {2008},
  OPTeditor = 	 {},
  OPTvolume = 	 {},
  OPTnumber = 	 {},
  OPTseries = 	 {},
  OPTaddress = 	 {},
  OPTmonth = 	 {},
  OPTorganization = {},
  OPTpublisher = {},
  OPTnote = 	 {},
  OPTannote = 	 {}
}

@article{smaalders,
	author="Bart Smaalders",
	title="Performance anti-patterns",
	journal="ACM Queue",
        volume="4",
        number="1",
	OPTpages="44-50",
	year="2006"
}

@article{limits,
	author="Nick Mitchell and Gary Sevitsky",
	title="The Causes of Bloat, the Limits of Health",
	journal=OOPSLA,
	year="2007"
}

@article{diary,
	author="Nick Mitchell and Gary Sevitsky and Harini Srinivasan",
	title="Modeling Runtime Behavior in Framework-Based Applications",
	journal=ECOOP, 
	year="2006"
}

@incollection{beautifulcode,
	author="Diomidis Spinellis",
	title="Another level of indirection",
	OPTpages="279-291", 
	year="2007",
	publisher="O'Reilly and Associates",
	editor="Andy Oram and Greg Wilson",
	booktitle="Beautiful Code: Leading Programmers Explain How They Think",
	chapter="17"
}

@article{compressedAddress,
	author="K. Venstermans and L. Eeckhout and K. DeBosschere",
	title="64-bit versus 32-bit virtual machines for Java",
	journal="Software-Practice and Experience",
	 volume="36",
        number="1",
	year="2006",
	OPTpages={1--26}
}

@article{diaryw,
	author="Nick Mitchell and Gary Sevitsky and Harini Srinivasan",
	title="The Diary of a Datum: An Approach to Analyzing Runtime Complexity in Framework-Based Applications",
	journal="Workshop on Library-Centric Software Design",
	year="2005"
}

@article{makeamess,
	author="Brian Goetz",
	title="{Java} theory and practice: Urban performance legends, revisited",
	year="2005",
	journal="IBM developerWorks"
}

@book{EMF,
	author="Dave Steinberg and Frank Budinsky and Marcelo Paternostro and Ed Merks",
	year ="2003",
	title="EMF: Eclipse Modeling Framework",
	publisher="Addison-Wesley"
}

@book{DesignPatternsBook,
    author="Erich Gamma and Richard Helm and Ralph Johnson and John Vlissides",
    title="Design Patterns -- Elements of Reusable Software",
    year="1995",
    publisher="Addison-Wesley"
}
    
    
	
	

